%YAML 1.1
%TAG !u! tag:unity3d.com,2011:
--- !u!1 &124326
GameObject:
  m_ObjectHideFlags: 0
  m_CorrespondingSourceObject: {fileID: 0}
  m_PrefabInstance: {fileID: 0}
  m_PrefabAsset: {fileID: 0}
  serializedVersion: 6
  m_Component:
  - component: {fileID: 458674}
  - component: {fileID: 11456902}
  - component: {fileID: 2057576}
  - component: {fileID: 12449892}
  - component: {fileID: 8195018}
  m_Layer: 0
  m_Name: WikitudeCamera
  m_TagString: MainCamera
  m_Icon: {fileID: 0}
  m_NavMeshLayer: 0
  m_StaticEditorFlags: 0
  m_IsActive: 1
--- !u!4 &458674
Transform:
  m_ObjectHideFlags: 0
  m_CorrespondingSourceObject: {fileID: 0}
  m_PrefabInstance: {fileID: 0}
  m_PrefabAsset: {fileID: 0}
  m_GameObject: {fileID: 124326}
  m_LocalRotation: {x: 0, y: 0, z: 0, w: 1}
  m_LocalPosition: {x: 0, y: 0.5, z: 35}
  m_LocalScale: {x: 1, y: 1, z: 1}
  m_Children:
  - {fileID: 995008301365665851}
  m_Father: {fileID: 0}
  m_RootOrder: 0
  m_LocalEulerAnglesHint: {x: 0, y: 0, z: 0}
--- !u!114 &11456902
MonoBehaviour:
  m_ObjectHideFlags: 0
  m_CorrespondingSourceObject: {fileID: 0}
  m_PrefabInstance: {fileID: 0}
  m_PrefabAsset: {fileID: 0}
  m_GameObject: {fileID: 124326}
  m_Enabled: 1
  m_EditorHideFlags: 0
  m_Script: {fileID: -37933721, guid: 74f59eb22abf947599d3aecf24b954b2, type: 3}
  m_Name: 
  m_EditorClassIdentifier: 
  OnSDKInitialized:
    m_PersistentCalls:
      m_Calls: []
  _WikitudeLicenseKey: kpx5NX12xhbzn0vugncYKsvO1ezz8iWDTkxUjjWsPjNa7CdJBJmpBTr98hIhscayZx5tC8j0hV69cNns/zTjokDLCM6PBEb+cM1SqisjKNiGRTgJsrSbIeWBXy98aGpcXRJtPUhT1xO+rVvNGeHcJkqvlPZZqJYVj5O1hrQV2XVTYWx0ZWRfXwBwmWaw2IOj2bA7lJzIyU4Cwi7Vdi+Qk3ZTV7nABjBKqX8PcJqNDdfS5i7epJG1CiHnOUMc14RcpX3lcvOpQHIC7X35/uIIfQwGj/+A7vOOlNADZ9SwsSRns02a+ANKc+ELNpi+toDAZHzNXus8I+ZBiNpwsOQnm0C0l+vR9HKLgY+ucL3T2soXEK/HHDYtqZnOjgNwx0F5DMw6BxvJGpJ8Vg7TllnVv4VuzTltplN4fSPYZlO0mXWTGbjd3aFLXm1wOnAyY7pS600nCw1p9wFOLK8sTgR+TnRQLUkrLDWFyAp6Bn7u6o0qAinxIYgPxT5T+p2MX5cLXs79iJHMhIwsLV/hDlmKuLUQTgFDXzowkNoUBLjUGsDQZwBj0pAZ0Y554ieLdAduavjwGbmMnxXG+dD96xXHV49xflHwJKUWnqlKlO0Gz+bE+6z9anUJeRODv8Z415tslT5gYvLRcQrLtcclvqy9wDnAnijesWpqbp+XRDcAtrJsa/SO9p2oc8EbD+U9qq3nZsNKh9CDwLQA4S01hZ3nnZvkRG3iQX2m0G+s8mYEcCH6CoAH/2Zi/ZrEgn7yAfeoEwMwslVyKGpkCtKy5KAmq20xstDY7ATt8oopZeEfjFDtNJHkAmf9FfR1lE4Egghi9MNlhM6VtKEQ5iHkGz42MLo96iGvqBagW828pJUrfMU=
  _enableCameraRendering: 1
  _staticCamera: 0
  _ignoreTrackableScale: 0
  OnCameraError:
    m_PersistentCalls:
      m_Calls: []
  OnCameraOpened:
    m_PersistentCalls:
      m_Calls: []
  _desiredDeviceResolution: 0
  _desiredDeviceFramerate: 0
  _enableCamera2: 1
  _camera2SupportLevel: 1
  _enableLivePreview: 1
  _livePreviewMode: 1
  _staticImage: {fileID: 0}
  _webCamName: 
  _webCamIsMirrored: 1
  _remoteCameraPosition: 0
  _cameraToHorizonAngle: 45
  _videoClip: {fileID: 0}
  _videoLoop: 1
  _videoSpeed: 1
--- !u!20 &2057576
Camera:
  m_ObjectHideFlags: 0
  m_CorrespondingSourceObject: {fileID: 0}
  m_PrefabInstance: {fileID: 0}
  m_PrefabAsset: {fileID: 0}
  m_GameObject: {fileID: 124326}
  m_Enabled: 1
  serializedVersion: 2
  m_ClearFlags: 3
  m_BackGroundColor: {r: 0.19215687, g: 0.3019608, b: 0.4745098, a: 0.019607844}
  m_projectionMatrixMode: 1
  m_GateFitMode: 2
  m_FOVAxisMode: 0
  m_SensorSize: {x: 36, y: 24}
  m_LensShift: {x: 0, y: 0}
  m_FocalLength: 50
  m_NormalizedViewPortRect:
    serializedVersion: 2
    x: 0
    y: 0
    width: 1
    height: 1
  near clip plane: 0.05
  far clip plane: 5000
  field of view: 34.2562
  orthographic: 0
  orthographic size: 5
  m_Depth: -1
  m_CullingMask:
    serializedVersion: 2
    m_Bits: 4294966271
  m_RenderingPath: -1
  m_TargetTexture: {fileID: 0}
  m_TargetDisplay: 0
  m_TargetEye: 3
  m_HDR: 0
  m_AllowMSAA: 1
  m_AllowDynamicResolution: 0
  m_ForceIntoRT: 0
  m_OcclusionCulling: 1
  m_StereoConvergence: 10
  m_StereoSeparation: 0.022
--- !u!124 &12449892
Behaviour:
  m_ObjectHideFlags: 0
  m_CorrespondingSourceObject: {fileID: 0}
  m_PrefabInstance: {fileID: 0}
  m_PrefabAsset: {fileID: 0}
  m_GameObject: {fileID: 124326}
  m_Enabled: 1
--- !u!81 &8195018
AudioListener:
  m_ObjectHideFlags: 0
  m_CorrespondingSourceObject: {fileID: 0}
  m_PrefabInstance: {fileID: 0}
  m_PrefabAsset: {fileID: 0}
  m_GameObject: {fileID: 124326}
  m_Enabled: 1
--- !u!1 &1700587268646074485
GameObject:
  m_ObjectHideFlags: 0
  m_CorrespondingSourceObject: {fileID: 0}
  m_PrefabInstance: {fileID: 0}
  m_PrefabAsset: {fileID: 0}
  serializedVersion: 6
  m_Component:
  - component: {fileID: 995008301365665851}
  - component: {fileID: 7326359998775052682}
  - component: {fileID: 6736425703007060496}
  m_Layer: 0
  m_Name: BackgroundCamera
  m_TagString: Untagged
  m_Icon: {fileID: 0}
  m_NavMeshLayer: 0
  m_StaticEditorFlags: 0
  m_IsActive: 1
--- !u!4 &995008301365665851
Transform:
  m_ObjectHideFlags: 0
  m_CorrespondingSourceObject: {fileID: 0}
  m_PrefabInstance: {fileID: 0}
  m_PrefabAsset: {fileID: 0}
  m_GameObject: {fileID: 1700587268646074485}
  m_LocalRotation: {x: 0, y: 0, z: 0, w: 1}
  m_LocalPosition: {x: 0, y: 0, z: 0}
  m_LocalScale: {x: 1, y: 1, z: 1}
  m_Children: []
  m_Father: {fileID: 458674}
  m_RootOrder: 0
  m_LocalEulerAnglesHint: {x: 0, y: 0, z: 0}
--- !u!20 &7326359998775052682
Camera:
  m_ObjectHideFlags: 0
  m_CorrespondingSourceObject: {fileID: 0}
  m_PrefabInstance: {fileID: 0}
  m_PrefabAsset: {fileID: 0}
  m_GameObject: {fileID: 1700587268646074485}
  m_Enabled: 1
  serializedVersion: 2
  m_ClearFlags: 2
  m_BackGroundColor: {r: 0, g: 0, b: 0, a: 1}
  m_projectionMatrixMode: 1
  m_GateFitMode: 2
  m_FOVAxisMode: 0
  m_SensorSize: {x: 36, y: 24}
  m_LensShift: {x: 0, y: 0}
  m_FocalLength: 50
  m_NormalizedViewPortRect:
    serializedVersion: 2
    x: 0
    y: 0
    width: 1
    height: 1
  near clip plane: 0.3
  far clip plane: 1000
  field of view: 60
  orthographic: 0
  orthographic size: 5
  m_Depth: 0
  m_CullingMask:
    serializedVersion: 2
    m_Bits: 4294967295
  m_RenderingPath: -1
  m_TargetTexture: {fileID: 0}
  m_TargetDisplay: 0
  m_TargetEye: 3
  m_HDR: 1
  m_AllowMSAA: 1
  m_AllowDynamicResolution: 0
  m_ForceIntoRT: 0
  m_OcclusionCulling: 1
  m_StereoConvergence: 10
  m_StereoSeparation: 0.022
--- !u!114 &6736425703007060496
MonoBehaviour:
  m_ObjectHideFlags: 0
  m_CorrespondingSourceObject: {fileID: 0}
  m_PrefabInstance: {fileID: 0}
  m_PrefabAsset: {fileID: 0}
  m_GameObject: {fileID: 1700587268646074485}
  m_Enabled: 1
  m_EditorHideFlags: 0
  m_Script: {fileID: 1313607996, guid: 74f59eb22abf947599d3aecf24b954b2, type: 3}
  m_Name: 
  m_EditorClassIdentifier: 
